

@article{twitpol,
author = { Julian   Ausserhofer  and  Axel   Maireder },
title = {NATIONAL POLITICS ON TWITTER},
journal = {Information, Communication \& Society},
volume = {16},
number = {3},
pages = {291-314},
year  = {2013},
publisher = {Routledge},


}


